@Manual{Pinheiro2019,
    title = {{nlme}: Linear and Nonlinear Mixed Effects Models},
    author = {Jose Pinheiro and Douglas Bates and Saikat DebRoy and
      Deepayan Sarkar and {R Core Team}},
    year = {2019},
    note = {R package version 3.1-142},
    url = {https://CRAN.R-project.org/package=nlme},
  }